[gd_scene load_steps=2 format=2]

[ext_resource path="res://Menu/Options.gd" type="Script" id=1]

[node name="Options" type="Control"]
pause_mode = 2
anchor_right = 1.0
anchor_bottom = 1.0
script = ExtResource( 1 )
__meta__ = {
"_edit_use_anchors_": false
}

[node name="Top_Panel" type="Panel" parent="."]
margin_right = 1024.0
margin_bottom = 68.0
rect_pivot_offset = Vector2( 1520, -10 )

[node name="Description" type="Label" parent="Top_Panel"]
anchor_left = 0.5
anchor_top = 0.5
anchor_right = 0.5
anchor_bottom = 0.5
margin_left = -43.0
margin_top = -10.5
margin_right = 43.0
margin_bottom = 10.5
text = "Options"
__meta__ = {
"_edit_use_anchors_": false
}

[node name="Overview" type="Panel" parent="."]
margin_top = 68.0
margin_right = 1024.0
margin_bottom = 768.0
rect_pivot_offset = Vector2( 1520, -10 )

[node name="Labels" type="VBoxContainer" parent="Overview"]
anchor_left = 0.5
anchor_right = 0.5
anchor_bottom = 1.0
margin_left = -200.0
margin_right = -200.0
alignment = 1

[node name="Resolution_Label" type="Label" parent="Overview/Labels"]
margin_top = 264.0
margin_right = 87.0
margin_bottom = 295.0
text = "Resolution
"

[node name="Display_Mode" type="Label" parent="Overview/Labels"]
margin_top = 299.0
margin_right = 87.0
margin_bottom = 330.0
text = "Display Mode
"

[node name="Volume_Label" type="Label" parent="Overview/Labels"]
margin_top = 334.0
margin_right = 87.0
margin_bottom = 365.0
text = "Volume
"

[node name="SFX_Label" type="Label" parent="Overview/Labels"]
margin_top = 369.0
margin_right = 87.0
margin_bottom = 400.0
text = "Volume SFX
"

[node name="BGM_Label" type="Label" parent="Overview/Labels"]
margin_top = 404.0
margin_right = 87.0
margin_bottom = 435.0
text = "Volume BGM
"

[node name="Values" type="VBoxContainer" parent="Overview"]
anchor_left = 0.5
anchor_right = 0.5
anchor_bottom = 1.0
margin_left = 100.0
alignment = 1

[node name="Resolution" type="OptionButton" parent="Overview/Values"]
margin_top = 242.0
margin_right = 96.0
margin_bottom = 282.0
rect_min_size = Vector2( 0, 40 )
text = "1280x768"
flat = true

[node name="Display" type="OptionButton" parent="Overview/Values"]
margin_top = 286.0
margin_right = 96.0
margin_bottom = 326.0
rect_min_size = Vector2( 0, 40 )
text = "Windowed"
flat = true

[node name="Volume" type="HSlider" parent="Overview/Values"]
margin_top = 330.0
margin_right = 96.0
margin_bottom = 370.0
rect_min_size = Vector2( 0, 40 )
min_value = -15.0
max_value = 15.0
ticks_on_borders = true

[node name="SFX" type="HSlider" parent="Overview/Values"]
margin_top = 374.0
margin_right = 96.0
margin_bottom = 414.0
rect_min_size = Vector2( 0, 40 )
min_value = -10.0
max_value = 10.0
ticks_on_borders = true

[node name="BGM" type="HSlider" parent="Overview/Values"]
margin_top = 418.0
margin_right = 96.0
margin_bottom = 458.0
rect_min_size = Vector2( 0, 40 )
min_value = -10.0
max_value = 10.0
[connection signal="item_selected" from="Overview/Values/Resolution" to="." method="_on_Resolution_item_selected"]
[connection signal="item_selected" from="Overview/Values/Display" to="." method="_on_Display_item_selected"]
[connection signal="value_changed" from="Overview/Values/Volume" to="." method="_on_Volume_value_changed"]
[connection signal="value_changed" from="Overview/Values/SFX" to="." method="_on_SFX_value_changed"]
[connection signal="value_changed" from="Overview/Values/BGM" to="." method="_on_BGM_value_changed"]
