[gd_scene load_steps=9 format=2]

[ext_resource path="res://Shooter/Player.gd" type="Script" id=1]
[ext_resource path="res://Assets/Sprites/shield.png" type="Texture" id=2]
[ext_resource path="res://Assets/Fonts/Menu_Font.tres" type="DynamicFont" id=3]

[sub_resource type="CircleShape2D" id=1]
radius = 174.003

[sub_resource type="CircleShape2D" id=2]
radius = 148.418

[sub_resource type="ParticlesMaterial" id=3]
emission_shape = 2
emission_box_extents = Vector3( 1, 1, 1 )
flag_disable_z = true
gravity = Vector3( 0, 98, 0 )
angular_velocity = 120.0
orbit_velocity = 0.0
orbit_velocity_random = 0.0
scale = 3.0

[sub_resource type="Animation" id=4]
resource_name = "close_call"
length = 0.8
tracks/0/type = "value"
tracks/0/path = NodePath("CloseCall:visible")
tracks/0/interp = 1
tracks/0/loop_wrap = true
tracks/0/imported = false
tracks/0/enabled = true
tracks/0/keys = {
"times": PoolRealArray( 0, 0.7 ),
"transitions": PoolRealArray( 1, 1 ),
"update": 1,
"values": [ true, false ]
}
tracks/1/type = "value"
tracks/1/path = NodePath("CloseCall:self_modulate")
tracks/1/interp = 1
tracks/1/loop_wrap = true
tracks/1/imported = false
tracks/1/enabled = true
tracks/1/keys = {
"times": PoolRealArray( 0, 0.3, 0.7 ),
"transitions": PoolRealArray( 1, 1, 1 ),
"update": 0,
"values": [ Color( 1, 1, 1, 0 ), Color( 1, 1, 1, 1 ), Color( 1, 1, 1, 0 ) ]
}
tracks/2/type = "value"
tracks/2/path = NodePath("CloseCall:rect_position")
tracks/2/interp = 2
tracks/2/loop_wrap = true
tracks/2/imported = false
tracks/2/enabled = true
tracks/2/keys = {
"times": PoolRealArray( 0, 0.7 ),
"transitions": PoolRealArray( 1, 1 ),
"update": 0,
"values": [ Vector2( 101, -28 ), Vector2( 101, -86 ) ]
}

[sub_resource type="Animation" id=5]
length = 0.5
tracks/0/type = "value"
tracks/0/path = NodePath("Ship:rotation_degrees")
tracks/0/interp = 1
tracks/0/loop_wrap = true
tracks/0/imported = false
tracks/0/enabled = false
tracks/0/keys = {
"times": PoolRealArray( 0, 0.2, 0.5 ),
"transitions": PoolRealArray( 1, 1, 1 ),
"update": 0,
"values": [ 0.0, 15.0, 0.0 ]
}
tracks/1/type = "value"
tracks/1/path = NodePath("Ship:scale")
tracks/1/interp = 1
tracks/1/loop_wrap = true
tracks/1/imported = false
tracks/1/enabled = false
tracks/1/keys = {
"times": PoolRealArray( 0, 0.5 ),
"transitions": PoolRealArray( 1, 1 ),
"update": 0,
"values": [ Vector2( 1, 1 ), Vector2( -1, 1 ) ]
}
tracks/2/type = "value"
tracks/2/path = NodePath("Ship:position")
tracks/2/interp = 1
tracks/2/loop_wrap = true
tracks/2/imported = false
tracks/2/enabled = false
tracks/2/keys = {
"times": PoolRealArray( 0, 0.2, 0.5 ),
"transitions": PoolRealArray( 1, 1, 1 ),
"update": 0,
"values": [ Vector2( 0, 0 ), Vector2( 15, 15 ), Vector2( 0, 0 ) ]
}
tracks/3/type = "value"
tracks/3/path = NodePath("Ship/ShipBody:position")
tracks/3/interp = 1
tracks/3/loop_wrap = true
tracks/3/imported = false
tracks/3/enabled = true
tracks/3/keys = {
"times": PoolRealArray( 0, 0.2, 0.5 ),
"transitions": PoolRealArray( 1, 1, 1 ),
"update": 0,
"values": [ Vector2( 0, 0 ), Vector2( 15, 15 ), Vector2( 0, 0 ) ]
}
tracks/4/type = "value"
tracks/4/path = NodePath("Ship/ShipBody:rotation_degrees")
tracks/4/interp = 1
tracks/4/loop_wrap = true
tracks/4/imported = false
tracks/4/enabled = true
tracks/4/keys = {
"times": PoolRealArray( 0, 0.2, 0.5 ),
"transitions": PoolRealArray( 1, 1, 1 ),
"update": 0,
"values": [ 0.0, 15.0, 0.0 ]
}
tracks/5/type = "value"
tracks/5/path = NodePath("Ship/ShipBody:scale")
tracks/5/interp = 1
tracks/5/loop_wrap = true
tracks/5/imported = false
tracks/5/enabled = true
tracks/5/keys = {
"times": PoolRealArray( 0, 0.5 ),
"transitions": PoolRealArray( 1, 1 ),
"update": 0,
"values": [ Vector2( 1, 1 ), Vector2( -1, 1 ) ]
}

[node name="Player" type="KinematicBody2D" groups=[
"player",
]]
collision_layer = 3
script = ExtResource( 1 )

[node name="Bonus" type="Area2D" parent="."]

[node name="CollisionShape2D" type="CollisionShape2D" parent="Bonus"]
shape = SubResource( 1 )

[node name="Hitbox" type="Area2D" parent="."]
scale = Vector2( 0.6, 0.6 )

[node name="Shield" type="Sprite" parent="Hitbox"]
position = Vector2( 0, 8 )
scale = Vector2( 0.9, 0.9 )
texture = ExtResource( 2 )

[node name="CollisionShape2D" type="CollisionShape2D" parent="Hitbox"]
shape = SubResource( 2 )

[node name="Ship" type="Node2D" parent="."]

[node name="ShipBody" type="Node2D" parent="Ship"]

[node name="RightParticles" type="Particles2D" parent="Ship/ShipBody"]
position = Vector2( 22, 19 )
scale = Vector2( 1.2, 1 )
lifetime = 0.6
visibility_rect = Rect2( -100, -100, 400, 400 )
process_material = SubResource( 3 )

[node name="LeftParticles" type="Particles2D" parent="Ship/ShipBody"]
position = Vector2( -23, 18 )
rotation = -1.50996e-07
scale = Vector2( 1.2, 1 )
lifetime = 0.6
visibility_rect = Rect2( -100, -100, 400, 400 )
process_material = SubResource( 3 )

[node name="ThrusterRightOutline" type="Polygon2D" parent="Ship/ShipBody"]
position = Vector2( 20.8, -4.2 )
rotation = -3.14159
scale = Vector2( 1.6, -1.2 )
color = Color( 0, 0, 0, 1 )
polygon = PoolVector2Array( 30.5, 14.3334, 30.4999, 27.6668, 27.3749, 27.6668, 22.9999, 27.6667, 23, 11 )

[node name="ThrusterRight" type="Polygon2D" parent="Ship/ShipBody"]
position = Vector2( 9.8, -0.200001 )
rotation = -3.14159
scale = Vector2( 1.2, -1 )
color = Color( 0.501961, 0.501961, 0.501961, 1 )
polygon = PoolVector2Array( 30, 15, 30, 27, 23, 27, 23, 11 )

[node name="ThrusterLeftOutline" type="Polygon2D" parent="Ship/ShipBody"]
position = Vector2( -20, -5 )
scale = Vector2( 1.6, 1.2 )
color = Color( 0, 0, 0, 1 )
polygon = PoolVector2Array( 30.625, 15, 30.625, 19.1667, 30.625, 27.5, 26.875, 27.5, 23.125, 27.5, 23, 11 )

[node name="ThrusterLeft" type="Polygon2D" parent="Ship/ShipBody"]
position = Vector2( -9, -1 )
scale = Vector2( 1.2, 1 )
color = Color( 0.501961, 0.501961, 0.501961, 1 )
polygon = PoolVector2Array( 30, 15, 30, 27, 23, 27, 23, 11 )

[node name="Outline" type="Polygon2D" parent="Ship/ShipBody"]
scale = Vector2( 1.1, 1.1 )
color = Color( 0, 0, 0, 1 )
polygon = PoolVector2Array( 0, -68, -53.6363, 30.9091, 0, 5.45455, 52.7273, 30 )

[node name="Body" type="Polygon2D" parent="Ship/ShipBody"]
color = Color( 0.623529, 0.133333, 0.0509804, 1 )
polygon = PoolVector2Array( 0, -64, -48, 24, 0.481613, -0.333725, 48, 24 )

[node name="CockpitOutline" type="Polygon2D" parent="Ship/ShipBody"]
position = Vector2( 0, 7 )
scale = Vector2( 1.25, 1.25 )
color = Color( 0, 0, 0, 1 )
polygon = PoolVector2Array( 13, -40, 0, -45, -13, -40, -19.2, -28.8, 0, -25.6, 19.2, -28.8 )

[node name="Cockpit" type="Polygon2D" parent="Ship/ShipBody"]
color = Color( 0.2, 0.380392, 0.866667, 1 )
polygon = PoolVector2Array( 13, -40, 0, -45, -13, -40, -18, -31, 0, -28, 18, -31 )

[node name="Collision" type="CollisionPolygon2D" parent="."]
polygon = PoolVector2Array( 0, -69, -53, 28, 0, 3, 54, 29 )

[node name="InvicibilityTimer" type="Timer" parent="."]

[node name="DodgeTimer" type="Timer" parent="."]
wait_time = 0.5

[node name="BonusTimer" type="Timer" parent="."]
wait_time = 5.0

[node name="CloseCall" type="Label" parent="."]
self_modulate = Color( 1, 1, 1, 0 )
margin_left = 101.0
margin_top = -28.0
margin_right = 247.0
margin_bottom = 15.0
rect_scale = Vector2( 2, 2 )
custom_fonts/font = ExtResource( 3 )
text = "Close call!
+500"
__meta__ = {
"_edit_use_anchors_": false
}

[node name="Animations" type="AnimationPlayer" parent="."]
anims/close_call = SubResource( 4 )
anims/dodge = SubResource( 5 )
[connection signal="body_entered" from="Bonus" to="." method="_on_Bonus_body_entered"]
[connection signal="body_exited" from="Bonus" to="." method="_on_Bonus_body_exited"]
[connection signal="body_entered" from="Hitbox" to="." method="_on_Hitbox_body_entered"]
[connection signal="timeout" from="InvicibilityTimer" to="." method="_on_InvicibilityTimer_timeout"]
[connection signal="timeout" from="DodgeTimer" to="." method="_on_DodgeTimer_timeout"]
[connection signal="timeout" from="BonusTimer" to="." method="_on_BonusTimer_timeout"]
